
%Priyanka -- My citations starts here

@article{SWiSSSE,
  title={SWiSSSE: System-Wide Security for Searchable
Symmetric Encryption},
  author={Zichen Gui and Kenneth G. Paterson and Sikhar Patranabis},
  booktitle={},
  pages={},
  year={2021},
  volume ={-},
  organization={eprint}
}

@InProceedings{Mitra,
    author  = {Charalampos Papamanthou and Javad Ghareh Chamani and Dimitrios Papadopoulos  and Rasool Jalili},
    title   = {New Constructions for Forward and Backward Private Symmetric Searchable Encryption},
    booktitle={},
    year    = {2018},
    journal = {CCS 2018},
    volume ={-},
    pages ={}
}

@InProceedings{SDa,
    author  = {Ioannis Demertzis and Javad Ghareh Chamani and Dimitrios Papadopoulos and  Charalampos Papamanthou},
    title   = {Dynamic Searchable Encryption with Small Client Storage},
    booktitle={},
    year    = {2020},
    journal = {NDSS 2020},
    volume ={-},
    pages ={}
}

@InProceedings{yqbu,
    author  = {Yupeng Zhang and Jonathan Katz and Charalampos Papamanthou},
    title   = {All Your Queries Are Belong to Us:
The Power of File-Injection Attacks on Searchable Encryption},
    booktitle={},
    year    = {2016},
    journal = {Usenix 2016},
    volume ={-},
    pages ={}
}

@InProceedings{Seal,
    author  = {Ioannis Demertzis and Dimitrios Papadopoulos and Charalampos Papamanthou and Saurabh Shintre},
    title   = {SEAL: Attack Mitigation for Encrypted Databases via Adjustable Leakage},
    booktitle={-},
    year    = {2020},
    journal = {Usenix 2020},
    volume ={-},
    pages ={2433-2450}
}

@InProceedings{compress,
    author  = {Ioannis Demertzis and Rajdeep Talapatra and Charalampos Papamanthou},
    title   = {Efficient Searchable Encryption Through Compression},
    booktitle={-},
    year    = {2018},
    journal = {PVLDB 2018},
    volume ={-},
    pages ={}
}

@InProceedings{multimap,
    author  = {S. Kamara and T. Moataz.},
    title   = {Encrypted multi-maps with
computationally-secure leakage},
    booktitle={-},
    year    = {2019},
    journal = {eprint},
    volume ={-},
    pages ={}
}

@InProceedings{pancake,
    author  = {Paul Grubbs et. al.},
    title   = {Pancake: Frequency Smoothing for Encrypted Data Stores},
    booktitle={-},
    year    = {2019},
    journal = {-},
    volume ={-},
    pages ={}
}

@InProceedings{fixsize,
    author  = {Min Xu et. al.},
    title   = {Pancake: Frequency Smoothing for Encrypted Data Stores},
    booktitle={-},
    year    = {-},
    journal = {-},
    volume ={-},
    pages ={}
}

@InProceedings{PiBas,
    author  = {D. Cash et. al.},
    title   = {Dynamic Searchable Encryption in Very-Large Databases: Data Structures and Implementation},
    booktitle={-},
    year    = {2014},
    journal = {NDSS 2014},
    volume ={-},
    pages ={23-26}
}


@InProceedings{RBCCS17,
    author  = {Raphael Bost and B. Minaud and O. Ohrimenko},
    title   = {Forward and backward private
searchable encryption from constrained cryptographic primitives},
    booktitle={-},
    year    = {2017},
    journal = {ACM CCS 2017},
    volume ={-},
    pages ={1465–1482}
}

@InProceedings{RBCC16,
    author  = {Raphael Bost},
    title   = {Forward secure searchable encryption},
    booktitle={-},
    year    = {2016},
    journal = {ACM CCS 2016},
    volume ={-},
    pages ={1143–1154}
}

@InProceedings{ShiNDSS14,
    author  = {Emil Stefanov and Charalampos Papamanthou and Elaine Shi},
    title   = {Practical Dynamic Searchable Encryption with Small Leakage},
    booktitle={-},
    year    = {2014},
    journal = {NDSS},
    volume ={2014},
    pages = {23-26}
}

@InProceedings{ShiCCS13,
    author  = {E. Stefanov and M. Van Dijk and E. Shi and C. Fletcher and L. Ren and X. Yu and S. Devadas},
    title   = {Path Oram: An Extremely Simple Oblivious Ram Protocol},
    booktitle={-},
    year    = {2013},
    journal = {In CCS 2013},
    volume ={-},
    pages ={}
}

@InProceedings{ODel,
    author  = {D. S. Roche and A. J. Aviv and S. G. Choi},
    title   = {A practical oblivious map data structure with secure deletion and history independence},
    booktitle={-},
    year    = {2016},
    journal = {IEEE SP 2016},
    volume ={-},
    pages ={-}
}

@InProceedings{Volat,
    author  = {Laura Blackstone and Seny Kamara and Tarik Moataz},
    title   = {Revisiting Leakage Abuse Attacks},
    booktitle={-},
    year    = {2020},
    journal = {NDSS},
    volume ={-},
    pages ={-}
}